<marc:record>
        <marc:leader>04771cam a2200601 i 4500</marc:leader>
        <marc:controlfield tag="001">289811</marc:controlfield>
        <marc:controlfield tag="005">20141121161134.0</marc:controlfield>
        <marc:controlfield tag="008">830519s1719    enk           00000 eng  </marc:controlfield>
        <marc:datafield ind1=" " ind2=" " tag="010">
            <marc:subfield code="a">16013463 </marc:subfield></marc:datafield>
        <marc:datafield ind1=" " ind2=" " tag="035">
            <marc:subfield code="a">(OCoLC)ocm13595591</marc:subfield>
        </marc:datafield>
        <marc:datafield ind1=" " ind2=" " tag="035">
            <marc:subfield code="a">(OCoLC)13595591</marc:subfield>
        </marc:datafield>
        <marc:datafield ind1=" " ind2=" " tag="035">
            <marc:subfield code="a">(CStRLIN)PAUG83-B18324</marc:subfield>
        </marc:datafield>
        <marc:datafield ind1=" " ind2=" " tag="035">
            <marc:subfield code="a">(CaOTULAS)105118907</marc:subfield>
        </marc:datafield>
        <marc:datafield ind1=" " ind2=" " tag="035">
            <marc:subfield code="9">ABP1563</marc:subfield>
        </marc:datafield>
        <marc:datafield ind1=" " ind2=" " tag="035">
            <marc:subfield code="a">289811</marc:subfield>
        </marc:datafield>
        <marc:datafield ind1=" " ind2=" " tag="040">
            <marc:subfield code="c">PU</marc:subfield>
        </marc:datafield>
        <marc:datafield ind1="0" ind2=" " tag="050">
            <marc:subfield code="a">PR3478.G3</marc:subfield>
            <marc:subfield code="b">P6 1719</marc:subfield>
        </marc:datafield>
        <marc:datafield ind1=" " ind2=" " tag="090">
            <marc:subfield code="a">PR3478.G3</marc:subfield>
            <marc:subfield code="b">P6 1719</marc:subfield>
            <marc:subfield code="i">05/19/83 CT</marc:subfield>
        </marc:datafield>
        <marc:datafield ind1="1" ind2="0" tag="100">
            <marc:subfield code="a">Gildon, Charles,</marc:subfield>
            <marc:subfield code="d">1665-1724.</marc:subfield>
        </marc:datafield>
        <marc:datafield ind1="1" ind2="4" tag="245">
            <marc:subfield code="a">The post-man robb\'d of his mail:</marc:subfield>
            <marc:subfield code="b">or, The packet broke open. Being a collection of miscellaneous letters, serious and comical, amorous and gallant. Amongst which are, The lover\'s sighs: or, The amours of the beautiful Stremunia and Alphonso the Wise, king of Castile, and Aragon, and earl of Provence; with with her passionate letters to the king on his chusing another mistress. In five books.</marc:subfield>
            <marc:subfield code="c">By the best wits of the present age.</marc:subfield>
        </marc:datafield>
        <marc:datafield ind1=" " ind2=" " tag="245">
            <marc:subfield code="a">The post-man robb\'d of his mail: or, The packet broke open. Being a collection of miscellaneous letters, serious and comical, amorous and gallant. Amongst which are, The lover\'s sighs: or, The amours of the beautiful Stremunia and Alphonso the Wise, king of Castile, and Aragon, and earl of Provence; with with her passionate letters to the king on his chusing another mistress. In five books. By the best wits of the present age.</marc:subfield>
            <marc:subfield code="d">Letter-press</marc:subfield>
            <marc:subfield code="g">Full</marc:subfield>
            <marc:subfield code="x">Work</marc:subfield>
        </marc:datafield>
        <marc:datafield ind1="0" ind2=" " tag="260">
            <marc:subfield code="a">London</marc:subfield>
            <marc:subfield code="b">Printed for A. Bettesworth, at the Red Lion, in Pater-noster-row; and C. Rivington, at the Bible and Crown in St. Paul\'s Church-Yard.</marc:subfield>
            <marc:subfield code="c">MDCCXIX</marc:subfield>
            <marc:subfield code="c">1719</marc:subfield>
        </marc:datafield>
        <marc:datafield ind1=" " ind2=" " tag="300">
            <marc:subfield code="a">xvi, 340, [4] p.</marc:subfield>
            <marc:subfield code="c">16 cm.</marc:subfield>
            <marc:subfield code="x">Duodecimo</marc:subfield>
            <marc:subfield code="z">In three books</marc:subfield>
            <marc:subfield code="a">[1 v.]</marc:subfield>
        </marc:datafield>
        <marc:datafield ind1=" " ind2=" " tag="500">
            <marc:subfield code="a">Signed: Roger de Whimsey, kt and bar. [pseud.]</marc:subfield>
        </marc:datafield>
        <marc:datafield ind1=" " ind2=" " tag="500">
            <marc:subfield code="a">Price taken from imprint title page: &quot;&quot;Price 3s.&quot;</marc:subfield>
        </marc:datafield>
        <marc:datafield ind1=" " ind2=" " tag="500">
            <marc:subfield code="a">Library-related marginalia--verso back free endpaper and recto first leaf Dedication.</marc:subfield>
        </marc:datafield>
        <marc:datafield ind1="4" ind2=" " tag="510">
            <marc:subfield code="a">ESTC (RLIN)</marc:subfield>
            <marc:subfield code="c">T72012</marc:subfield>
        </marc:datafield>
        <marc:datafield ind1="4" ind2=" " tag="510">
            <marc:subfield code="a">McBurney, W.H.  Engl. prose fiction,</marc:subfield>
            <marc:subfield code="c">102</marc:subfield>
        </marc:datafield>
        <marc:datafield ind1="4" ind2=" " tag="510">
            <marc:subfield code="a">Halkett &amp; Laing (2nd ed.)</marc:subfield>
            <marc:subfield code="c">vol. 4, p. 401</marc:subfield>
        </marc:datafield>
        <marc:datafield ind1=" " ind2=" " tag="520">
            <marc:subfield code="a">Dedication</marc:subfield>
            <marc:subfield code="b">The epistle dedicatory to Sir Samuel Garth.</marc:subfield>
            <marc:subfield code="c">Front</marc:subfield>
            <marc:subfield code="x">&quot;&quot;Sir, I with some satisfaction lay hold of this opportunity, of paying my public acknowledgment to you, for a long series of favours and valuable services...Having therefore no room for the panegyrics of the times, I shall no longer detain either you or the reader...&quot;</marc:subfield>
        </marc:datafield>
        <marc:datafield ind1=" " ind2=" " tag="520">
            <marc:subfield code="a">Preface</marc:subfield>
            <marc:subfield code="b">Sir Roger de Whimsey\'s Preface.</marc:subfield>
            <marc:subfield code="c">Front</marc:subfield>
            <marc:subfield code="x">&quot;&quot;Gentle reader, For so I hope to to find thee...I come now to my qualifications as a writer...&quot;</marc:subfield>
        </marc:datafield>
        <marc:datafield ind1=" " ind2=" " tag="520">
            <marc:subfield code="a">Footnotes</marc:subfield>
            <marc:subfield code="c">Middle</marc:subfield>
            <marc:subfield code="x">Explanatory footnotes appear throughout work, especially p.308-339.</marc:subfield>
        </marc:datafield>
        <marc:datafield ind1=" " ind2=" " tag="520">
            <marc:subfield code="a">Table of contents</marc:subfield>
            <marc:subfield code="b">The contents.</marc:subfield>
            <marc:subfield code="c">Back</marc:subfield>
            <marc:subfield code="x">Divided into Books I-IV, with page numbers corresponding to letters and brief letter titles.</marc:subfield>
        </marc:datafield>
        <marc:datafield ind1=" " ind2=" " tag="594">
            <marc:subfield code="a">John Linwell John\'s Book</marc:subfield>
            <marc:subfield code="b">Ink</marc:subfield>
            <marc:subfield code="x">Located verso title page.</marc:subfield>
        </marc:datafield>
        <marc:datafield ind1=" " ind2=" " tag="594">
            <marc:subfield code="a">John Linwell [ ]  [ ] to D[ ]</marc:subfield>
            <marc:subfield code="b">Ink</marc:subfield>
            <marc:subfield code="x">Located p.340</marc:subfield>
        </marc:datafield>
        <marc:datafield ind1=" " ind2=" " tag="595">
            <marc:subfield code="a">Pencil</marc:subfield>
            <marc:subfield code="b">Words</marc:subfield>
            <marc:subfield code="b">Numbers</marc:subfield>
            <marc:subfield code="x">Located front paste-down endpaper. &quot;&quot;[ ]5373 very rare 20.00&quot;</marc:subfield>
        </marc:datafield>
        <marc:datafield ind1=" " ind2=" " tag="599">
            <marc:subfield code="a">Author (text)</marc:subfield>
            <marc:subfield code="b">Generic/descriptive</marc:subfield>
            <marc:subfield code="2">By the best wits of the present age</marc:subfield>
            <marc:subfield code="3">Title-page</marc:subfield>
            <marc:subfield code="5">Indeterminate</marc:subfield>
            <marc:subfield code="6">Male</marc:subfield>
            <marc:subfield code="7">Author actually Charles Gildon.</marc:subfield>
        </marc:datafield>
        <marc:datafield ind1=" " ind2=" " tag="599">
            <marc:subfield code="a">Author (paratext)</marc:subfield>
            <marc:subfield code="b">Generic/descriptive</marc:subfield>
            <marc:subfield code="2">When the reader sees my book dedicated to Sir Samuel Garth</marc:subfield>
            <marc:subfield code="3">Dedication</marc:subfield>
            <marc:subfield code="5">Indeterminate</marc:subfield>
            <marc:subfield code="6">Male</marc:subfield>
            <marc:subfield code="7">Author Charles Gildon.</marc:subfield>
        </marc:datafield>
        <marc:datafield ind1=" " ind2=" " tag="599">
            <marc:subfield code="a">Author (paratext)</marc:subfield>
            <marc:subfield code="b">Generic/descriptive</marc:subfield>
            <marc:subfield code="2">Sir Roger de Whimsey\'s Preface.</marc:subfield>
            <marc:subfield code="3">Preface</marc:subfield>
            <marc:subfield code="5">Male</marc:subfield>
            <marc:subfield code="6">Male</marc:subfield>
            <marc:subfield code="7">Author Charles Gildon, rather than Sir Roger de Whimsey, who in the preface, is claimed to author of work, in addition to author of paratext.</marc:subfield>
        </marc:datafield>
        <marc:datafield ind1=" " ind2="4" tag="650">
            <marc:subfield code="a">CHR 1719</marc:subfield>
        </marc:datafield>
        <marc:datafield ind1=" " ind2=" " tag="700">
            <marc:subfield code="a">Gildon, Charles</marc:subfield>
            <marc:subfield code="d">1665-1724</marc:subfield>
            <marc:subfield code="4">Author (text)</marc:subfield>
            <marc:subfield code="5">Authorized</marc:subfield>
        </marc:datafield>
        <marc:datafield ind1=" " ind2=" " tag="700">
            <marc:subfield code="a">Bettesworth, Arthur</marc:subfield>
            <marc:subfield code="d">-1739</marc:subfield>
            <marc:subfield code="4">Printed for</marc:subfield>
            <marc:subfield code="5">Authorized</marc:subfield>
        </marc:datafield>
        <marc:datafield ind1=" " ind2=" " tag="700">
            <marc:subfield code="a">Rivington, Charles</marc:subfield>
            <marc:subfield code="d">1688-1742</marc:subfield>
            <marc:subfield code="4">Printed for</marc:subfield>
            <marc:subfield code="5">Authorized</marc:subfield>
        </marc:datafield>
        <marc:datafield ind1=" " ind2=" " tag="700">
            <marc:subfield code="a">Garth, Samuel</marc:subfield>
            <marc:subfield code="d">1661-1719</marc:subfield>
            <marc:subfield code="4">Dedicatee</marc:subfield>
            <marc:subfield code="5">Authorized</marc:subfield>
        </marc:datafield>
        <marc:datafield ind1=" " ind2=" " tag="700">
            <marc:subfield code="a">John Simwell</marc:subfield>
            <marc:subfield code="4">Inscribed by</marc:subfield>
            <marc:subfield code="5">Unauthorized</marc:subfield>
        </marc:datafield>
        <marc:datafield ind1=" " ind2=" " tag="710">
            <marc:subfield code="a">A. Bettesworth and C. Rivington</marc:subfield>
            <marc:subfield code="4">Printed for</marc:subfield>
            <marc:subfield code="5">Unauthorized</marc:subfield>
        </marc:datafield>
        <marc:datafield ind1="2" ind2=" " tag="710">
            <marc:subfield code="a">Collection of British and American Fiction, 1660-1830 (University of Pennsylvania)</marc:subfield>
            <marc:subfield code="5">PU</marc:subfield>
        </marc:datafield>
        <marc:datafield ind1="2" ind2=" " tag="710">
            <marc:subfield code="a">Early Novels</marc:subfield>
            <marc:subfield code="5">University of Pennsylvania</marc:subfield>
        </marc:datafield>
        <marc:datafield ind1=" " ind2=" " tag="950">
            <marc:subfield code="l">RBC</marc:subfield>
            <marc:subfield code="e">260\\Another\\copy\\Singer-\\Menden-\\hall\\</marc:subfield>
            <marc:subfield code="i">05/19/83 C</marc:subfield>
        </marc:datafield>
        <marc:datafield ind1=" " ind2=" " tag="955">
            <marc:subfield code="l">RBC</marc:subfield>
            <marc:subfield code="c">1</marc:subfield>
            <marc:subfield code="q">139177</marc:subfield>
            <marc:subfield code="i">05/19/83 C</marc:subfield>
        </marc:datafield>
        <marc:datafield ind1=" " ind2=" " tag="955">
            <marc:subfield code="l">RBC</marc:subfield>
            <marc:subfield code="c">2</marc:subfield>
            <marc:subfield code="q">726295</marc:subfield>
            <marc:subfield code="s">Singer-Mendenhall</marc:subfield>
            <marc:subfield code="i">05/19/83 C</marc:subfield>
        </marc:datafield>
        <marc:datafield ind1=" " ind2=" " tag="989">
            <marc:subfield code="2">Post-man</marc:subfield>
            <marc:subfield code="2">Postman</marc:subfield>
            <marc:subfield code="6">Rob</marc:subfield>
            <marc:subfield code="2">Mail</marc:subfield>
            <marc:subfield code="7">Mail</marc:subfield>
            <marc:subfield code="2">Packet</marc:subfield>
            <marc:subfield code="7">Packet</marc:subfield>
            <marc:subfield code="6">Break</marc:subfield>
            <marc:subfield code="3">Open</marc:subfield>
            <marc:subfield code="6">Be</marc:subfield>
            <marc:subfield code="2">Collection</marc:subfield>
            <marc:subfield code="3">Miscellaneous</marc:subfield>
            <marc:subfield code="2">Letter</marc:subfield>
            <marc:subfield code="7">Letter</marc:subfield>
            <marc:subfield code="3">Serious</marc:subfield>
            <marc:subfield code="3">Comical</marc:subfield>
            <marc:subfield code="3">Amorous</marc:subfield>
            <marc:subfield code="3">Gallant</marc:subfield>
            <marc:subfield code="2">Lover</marc:subfield>
            <marc:subfield code="2">Sigh</marc:subfield>
            <marc:subfield code="2">Amour</marc:subfield>
            <marc:subfield code="3">Beautiful</marc:subfield>
            <marc:subfield code="5">Stremunia</marc:subfield>
            <marc:subfield code="5">Alphonso</marc:subfield>
            <marc:subfield code="3">Wise</marc:subfield>
            <marc:subfield code="2">King</marc:subfield>
            <marc:subfield code="4">Castile</marc:subfield>
            <marc:subfield code="4">Aragon</marc:subfield>
            <marc:subfield code="2">Earl</marc:subfield>
            <marc:subfield code="4">Provence</marc:subfield>
            <marc:subfield code="3">Passionate</marc:subfield>
            <marc:subfield code="6">Chose</marc:subfield>
            <marc:subfield code="3">Another</marc:subfield>
            <marc:subfield code="2">Mistress</marc:subfield>
            <marc:subfield code="3">Five</marc:subfield>
            <marc:subfield code="2">Book</marc:subfield>
            <marc:subfield code="3">Best</marc:subfield>
            <marc:subfield code="2">Wit</marc:subfield>
            <marc:subfield code="3">Present</marc:subfield>
            <marc:subfield code="2">Age</marc:subfield>
        </marc:datafield>
        <marc:datafield ind1=" " ind2=" " tag="999">
            <marc:subfield code="a">KGP</marc:subfield>
            <marc:subfield code="b">Haverford College</marc:subfield>
            <marc:subfield code="c">4/7/16</marc:subfield>
            <marc:subfield code="d">KS</marc:subfield>
        </marc:datafield>
    </marc:record>